@ARTICLE{roy2018,
       author = {{Roy}, Namrata and {Bundy}, Kevin and {Cheung}, Edmond and
         {Rujopakarn}, Wiphu and {Cappellari}, Michele and
         {Belfiore}, Francesco and {Yan}, Renbin and {Heckman}, Tim and
         {Bershady}, Matthew and {Greene}, Jenny and {Westfall}, Kyle and
         {Drory}, Niv and {Rubin}, Kate and {Law}, David and {Zhang}, Kai and
         {Gelfand}, Joseph and {Bizyaev}, Dmitry and {Wake}, David and
         {Masters}, Karen and {Thomas}, Daniel and {Li}, Cheng and
         {Riffel}, Rogemar A.},
        title = "{Detecting Radio AGN Signatures in Red Geysers}",
      journal = {\apj},
     keywords = {galaxies: evolution, galaxies: formation, galaxies: general, Astrophysics - Astrophysics of Galaxies},
         year = "2018",
        month = "Dec",
       volume = {869},
       number = {2},
          eid = {117},
        pages = {117},
          doi = {10.3847/1538-4357/aaee72},
archivePrefix = {arXiv},
       eprint = {1811.04072},
 primaryClass = {astro-ph.GA},
       adsurl = {https://ui.adsabs.harvard.edu/abs/2018ApJ...869..117R},
      adsnote = {Provided by the SAO/NASA Astrophysics Data System}
}

@ARTICLE{DeFelippis2017,
       author = {{DeFelippis}, Daniel and {Genel}, Shy and {Bryan}, Greg L. and
         {Fall}, S. Michael},
        title = "{The Impact of Galactic Winds on the Angular Momentum of Disk Galaxies in the Illustris Simulation}",
      journal = {\apj},
     keywords = {galaxies: formation, galaxies: fundamental parameters, galaxies: kinematics and dynamics, galaxies: structure, hydrodynamics, methods: numerical, Astrophysics - Astrophysics of Galaxies},
         year = "2017",
        month = "May",
       volume = {841},
       number = {1},
          eid = {16},
        pages = {16},
          doi = {10.3847/1538-4357/aa6dfc},
archivePrefix = {arXiv},
       eprint = {1703.03806},
 primaryClass = {astro-ph.GA},
       adsurl = {https://ui.adsabs.harvard.edu/abs/2017ApJ...841...16D},
      adsnote = {Provided by the SAO/NASA Astrophysics Data System}
}

@ARTICLE{scannapieco2009,
       author = {{Scannapieco}, Cecilia and {White}, Simon D.~M. and {Springel}, Volker and
         {Tissera}, Patricia B.},
        title = "{The formation and survival of discs in a {\ensuremath{\Lambda}}CDM universe}",
      journal = {\mnras},
     keywords = {methods: numerical, galaxies: formation, cosmology: theory, Astrophysics},
         year = "2009",
        month = "Jun",
       volume = {396},
       number = {2},
        pages = {696-708},
          doi = {10.1111/j.1365-2966.2009.14764.x},
archivePrefix = {arXiv},
       eprint = {0812.0976},
 primaryClass = {astro-ph},
       adsurl = {https://ui.adsabs.harvard.edu/abs/2009MNRAS.396..696S},
      adsnote = {Provided by the SAO/NASA Astrophysics Data System}
}

@ARTICLE{zavala2008,
       author = {{Zavala}, Jesus and {Okamoto}, Takashi and {Frenk}, Carlos S.},
        title = "{Bulges versus discs: the evolution of angular momentum in cosmological simulations of galaxy formation}",
      journal = {\mnras},
     keywords = {methods: numerical, galaxies: evolution, galaxies: formation, Astrophysics},
         year = "2008",
        month = "Jun",
       volume = {387},
       number = {1},
        pages = {364-370},
          doi = {10.1111/j.1365-2966.2008.13243.x},
archivePrefix = {arXiv},
       eprint = {0710.2901},
 primaryClass = {astro-ph},
       adsurl = {https://ui.adsabs.harvard.edu/abs/2008MNRAS.387..364Z},
      adsnote = {Provided by the SAO/NASA Astrophysics Data System}
}

@INPROCEEDINGS{hoyle1951,
       author = {{Hoyle}, F.},
        title = "{The Origin of the Rotations of the Galaxies}",
    booktitle = {Problems of Cosmical Aerodynamics},
         year = "1951",
        month = "Jan",
        pages = {195},
       adsurl = {https://ui.adsabs.harvard.edu/abs/1951pca..conf..195H},
      adsnote = {Provided by the SAO/NASA Astrophysics Data System}
}

@ARTICLE{peebles1969,
       author = {{Peebles}, P.~J.~E.},
        title = "{Origin of the Angular Momentum of Galaxies}",
      journal = {\apj},
         year = "1969",
        month = "Feb",
       volume = {155},
        pages = {393},
          doi = {10.1086/149876},
       adsurl = {https://ui.adsabs.harvard.edu/abs/1969ApJ...155..393P},
      adsnote = {Provided by the SAO/NASA Astrophysics Data System}
}

@ARTICLE{Doroshkevich1970,
       author = {{Doroshkevich}, A.~G.},
        title = "{Spatial structure of perturbations and origin of galactic rotation in fluctuation theory}",
      journal = {Astrophysics},
         year = "1970",
        month = "Oct",
       volume = {6},
       number = {4},
        pages = {320-330},
          doi = {10.1007/BF01001625},
       adsurl = {https://ui.adsabs.harvard.edu/abs/1970Ap......6..320D},
      adsnote = {Provided by the SAO/NASA Astrophysics Data System}
}

@ARTICLE{fall1980,
       author = {{Fall}, S.~M. and {Efstathiou}, G.},
        title = "{Formation and rotation of disc galaxies with haloes.}",
      journal = {\mnras},
     keywords = {Disk Galaxies, Galactic Evolution, Galactic Rotation, Galactic Structure, Halos, Angular Momentum, Astronomical Models, Interstellar Gas, Mass Ratios, Astrophysics},
         year = "1980",
        month = "Oct",
       volume = {193},
        pages = {189-206},
          doi = {10.1093/mnras/193.2.189},
       adsurl = {https://ui.adsabs.harvard.edu/abs/1980MNRAS.193..189F},
      adsnote = {Provided by the SAO/NASA Astrophysics Data System}
}

@ARTICLE{mo1998,
       author = {{Mo}, H.~J. and {Mao}, Shude and {White}, Simon D.~M.},
        title = "{The formation of galactic discs}",
      journal = {\mnras},
     keywords = {GALAXIES: FORMATION, GALAXIES: SPIRAL, GALAXIES: STRUCTURE, COSMOLOGY: THEORY, DARK MATTER, Astrophysics},
         year = "1998",
        month = "Apr",
       volume = {295},
       number = {2},
        pages = {319-336},
          doi = {10.1046/j.1365-8711.1998.01227.x},
archivePrefix = {arXiv},
       eprint = {astro-ph/9707093},
 primaryClass = {astro-ph},
       adsurl = {https://ui.adsabs.harvard.edu/abs/1998MNRAS.295..319M},
      adsnote = {Provided by the SAO/NASA Astrophysics Data System}
}

@ARTICLE{cheung2016,
       author = {{Cheung}, Edmond and {Bundy}, Kevin and {Cappellari}, Michele and
         {Peirani}, S{\'e}bastien and {Rujopakarn}, Wiphu and {Westfall}, Kyle and
         {Yan}, Renbin and {Bershady}, Matthew and {Greene}, Jenny E. and
         {Heckman}, Timothy M. and {Drory}, Niv and {Law}, David R. and
         {Masters}, Karen L. and {Thomas}, Daniel and {Wake}, David A. and
         {Weijmans}, Anne-Marie and {Rubin}, Kate and {Belfiore}, Francesco and
         {Vulcani}, Benedetta and {Chen}, Yan-Mei and {Zhang}, Kai and {Gelfand
        }, Joseph D. and {Bizyaev}, Dmitry and {Roman-Lopes}, A. and
         {Schneider}, Donald P.},
        title = "{Suppressing star formation in quiescent galaxies with supermassive black hole winds}",
      journal = {\nat},
     keywords = {Astrophysics - Astrophysics of Galaxies},
         year = "2016",
        month = "May",
       volume = {533},
       number = {7604},
        pages = {504-508},
          doi = {10.1038/nature18006},
archivePrefix = {arXiv},
       eprint = {1605.07626},
 primaryClass = {astro-ph.GA},
       adsurl = {https://ui.adsabs.harvard.edu/abs/2016Natur.533..504C},
      adsnote = {Provided by the SAO/NASA Astrophysics Data System}
}

@ARTICLE{cattaneo2009,
   author = {{Cattaneo}, A. and {Faber}, S.~M. and {Binney}, J. and {Dekel}, A. and 
	{Kormendy}, J. and {Mushotzky}, R. and {Babul}, A. and {Best}, P.~N. and 
	{Br{\"u}ggen}, M. and {Fabian}, A.~C. and {Frenk}, C.~S. and 
	{Khalatyan}, A. and {Netzer}, H. and {Mahdavi}, A. and {Silk}, J. and 
	{Steinmetz}, M. and {Wisotzki}, L.},
    title = "{The role of black holes in galaxy formation and evolution}",
  journal = {\nat},
archivePrefix = "arXiv",
   eprint = {0907.1608},
 primaryClass = "astro-ph.CO",
     year = 2009,
    month = jul,
   volume = 460,
    pages = {213-219},
      doi = {10.1038/nature08135},
   adsurl = {https://ui.adsabs.harvard.edu/abs/2009Natur.460..213C},
  adsnote = {Provided by the SAO/NASA Astrophysics Data System}
}

@ARTICLE{rubin2014,
       author = {{Rubin}, Kate H.~R. and {Prochaska}, J. Xavier and {Koo}, David C. and
         {Phillips}, Andrew C. and {Martin}, Crystal L. and {Winstrom}, Lucas O.},
        title = "{Evidence for Ubiquitous Collimated Galactic-scale Outflows along the Star-forming Sequence at z \raisebox{-0.5ex}\textasciitilde 0.5}",
      journal = {\apj},
     keywords = {galaxies: evolution, galaxies: halos, galaxies: ISM, ultraviolet: ISM, Astrophysics - Cosmology and Nongalactic Astrophysics},
         year = "2014",
        month = "Oct",
       volume = {794},
       number = {2},
          eid = {156},
        pages = {156},
          doi = {10.1088/0004-637X/794/2/156},
archivePrefix = {arXiv},
       eprint = {1307.1476},
 primaryClass = {astro-ph.CO},
       adsurl = {https://ui.adsabs.harvard.edu/abs/2014ApJ...794..156R},
      adsnote = {Provided by the SAO/NASA Astrophysics Data System}
}

@ARTICLE{binney1995,
       author = {{Binney}, J. and {Tabor}, G.},
        title = "{Evolving cooling flows.}",
      journal = {\mnras},
         year = "1995",
        month = "Sep",
       volume = {276},
        pages = {663-678},
          doi = {10.1093/mnras/276.2.663},
       adsurl = {https://ui.adsabs.harvard.edu/abs/1995MNRAS.276..663B},
      adsnote = {Provided by the SAO/NASA Astrophysics Data System}
}

@ARTICLE{ciotti2001,
       author = {{Ciotti}, Luca and {Ostriker}, Jeremiah P.},
        title = "{Cooling Flows and Quasars. II. Detailed Models of Feedback-modulated Accretion Flows}",
      journal = {\apj},
     keywords = {Galaxies: Cooling Flows, Galaxies: Active, Galaxies: Elliptical and Lenticular, cD, Galaxies: ISM, Galaxies: Nuclei, X-Rays: Galaxies, Astrophysics},
         year = "2001",
        month = "Apr",
       volume = {551},
       number = {1},
        pages = {131-152},
          doi = {10.1086/320053},
archivePrefix = {arXiv},
       eprint = {astro-ph/9912064},
 primaryClass = {astro-ph},
       adsurl = {https://ui.adsabs.harvard.edu/abs/2001ApJ...551..131C},
      adsnote = {Provided by the SAO/NASA Astrophysics Data System}
}

@ARTICLE{heckman2014,
       author = {{Heckman}, Timothy M. and {Best}, Philip N.},
        title = "{The Coevolution of Galaxies and Supermassive Black Holes: Insights from Surveys of the Contemporary Universe}",
      journal = {\araa},
     keywords = {Astrophysics - Astrophysics of Galaxies, Astrophysics - Cosmology and Nongalactic Astrophysics, Astrophysics - High Energy Astrophysical Phenomena},
         year = "2014",
        month = "Aug",
       volume = {52},
        pages = {589-660},
          doi = {10.1146/annurev-astro-081913-035722},
archivePrefix = {arXiv},
       eprint = {1403.4620},
 primaryClass = {astro-ph.GA},
       adsurl = {https://ui.adsabs.harvard.edu/abs/2014ARA&A..52..589H},
      adsnote = {Provided by the SAO/NASA Astrophysics Data System}
}

@ARTICLE{penny2018, 
       author = {{Penny}, Samantha J. and {Masters}, Karen L. and {Smethurst}, Rebecca and
         {Nichol}, Robert C. and {Krawczyk}, Coleman M. and {Bizyaev}, Dmitry and
         {Greene}, Olivia and {Liu}, Charles and {Marinelli}, Mariarosa and
         {Rembold}, Sandro B. and {Riffel}, Rogemar A. and
         {Ilha}, Gabriele da Silva and {Wylezalek}, Dominika and
         {Andrews}, Brett H. and {Bundy}, Kevin and {Drory}, Niv and
         {Oravetz}, Daniel and {Pan}, Kaike},
        title = "{SDSS-IV MaNGA: evidence of the importance of AGN feedback in low-mass galaxies}",
      journal = {\mnras},
     keywords = {galaxies: active, galaxies: dwarf, galaxies: evolution, galaxies: kinematics and dynamics, Astrophysics - Astrophysics of Galaxies},
         year = "2018",
        month = "May",
       volume = {476},
       number = {1},
        pages = {979-998},
          doi = {10.1093/mnras/sty202},
archivePrefix = {arXiv},
       eprint = {1710.07568},
 primaryClass = {astro-ph.GA},
       adsurl = {https://ui.adsabs.harvard.edu/abs/2018MNRAS.476..979P},
      adsnote = {Provided by the SAO/NASA Astrophysics Data System}
}

@ARTICLE{ilha2019,
       author = {{Ilha}, Gabriele S. and {Riffel}, Rogemar A. and
         {Schimoia}, Jaderson S. and {Storchi-Bergmann}, Thaisa and {Rembold}, Sand
        ro B. and {Riffel}, Rog{\'e}rio and {Wylezalek}, Dominika and
         {Shi}, Yong and {da Costa}, Luiz N. and {Machado}, Alice D. and
         {Law}, David R. and {Bizyaev}, Dmitry and {Mallmann}, Nicolas D. and
         {Nascimento}, Janaina and {Maia}, Marcio A.~G. and {Cirolini}, Rafael},
        title = "{The first 62 AGN observed with SDSS-IV MaNGA - III: stellar and gas kinematics}",
      journal = {\mnras},
     keywords = {galaxies: active, galaxies: general, galaxies: kinematics and dynamics, Astrophysics - Astrophysics of Galaxies},
         year = "2019",
        month = "Mar",
       volume = {484},
       number = {1},
        pages = {252-268},
          doi = {10.1093/mnras/sty3373},
archivePrefix = {arXiv},
       eprint = {1903.08071},
 primaryClass = {astro-ph.GA},
       adsurl = {https://ui.adsabs.harvard.edu/abs/2019MNRAS.484..252I},
      adsnote = {Provided by the SAO/NASA Astrophysics Data System}
}

@ARTICLE{starkenburg+19,
       author = {{Starkenburg}, Tjitske K. and {Sales}, Laura. V. and {Genel}, Shy and
         {Manzano-King}, Christina and {Canalizo}, Gabriela and
         {Hernquist}, Lars},
        title = "{On the Origin of Star─Gas Counterrotation in Low-mass Galaxies}",
      journal = {\apj},
     keywords = {galaxies: dwarf, galaxies: evolution, galaxies: kinematics and dynamics, galaxies: structure, Astrophysics - Astrophysics of Galaxies},
         year = "2019",
        month = "Jun",
       volume = {878},
       number = {2},
          eid = {143},
        pages = {143},
          doi = {10.3847/1538-4357/ab2128},
archivePrefix = {arXiv},
       eprint = {1903.03627},
 primaryClass = {astro-ph.GA},
       adsurl = {https://ui.adsabs.harvard.edu/abs/2019ApJ...878..143S},
      adsnote = {Provided by the SAO/NASA Astrophysics Data System}
}

@ARTICLE{chen2016,
       author = {{Chen}, Yan-Mei and {Shi}, Yong and {Tremonti}, Christy A. and
        {Bershady}, Matt and {Merrifield}, Michael and {Emsellem}, Eric
        and {Jin}, Yi-Fei and {Huang}, Song and {Fu}, Hai and {Wake},
        David A. and {Bundy}, Kevin and {Stark}, David and {Lin}, Lihwai
        and {Argudo-Fernandez}, Maria and {Bergmann}, Thaisa Storchi and
        {Bizyaev}, Dmitry and {Brownstein}, Joel and {Bureau}, Martin
        and {Chisholm}, John and {Drory}, Niv and {Guo}, Qi and {Hao},
        Lei and {Hu}, Jian and {Li}, Cheng and {Li}, Ran and {Roman
        Lopes}, Alexandre and {Pan}, Kai-Ke and {Riffel}, Rogemar A. and
        {Thomas}, Daniel and {Wang}, Lan and {Westfall}, Kyle and {Yan},
        Ren-Bin},
        title = "{The growth of the central region by acquisition of counterrotating gas
        in star-forming galaxies}",
      journal = {Nature Communications},
     keywords = {Astrophysics - Astrophysics of Galaxies},
         year = 2016,
        month = Oct,
       volume = {7},
          doi = {10.1038/ncomms13269},
       adsurl = {https://ui.adsabs.harvard.edu/#abs/2016NatCo...713269C},
      adsnote = {Provided by the SAO/NASA Astrophysics Data System}
}

@ARTICLE{jin2016,
       author = {{Jin}, Yifei and {Chen}, Yanmei and {Shi}, Yong and {Tremonti}, C.~A. and
         {Bershady}, M.~A. and {Merrifield}, M. and {Emsellem}, E. and
         {Fu}, Hai and {Wake}, D. and {Bundy}, K. and {Lin}, Lihwai and
         {Argudo-Fernandez}, M. and {Huang}, Song and {Stark}, D.~V. and
         {Storchi-Bergmann}, T. and {Bizyaev}, D. and {Brownstein}, J. and
         {Chisholm}, J. and {Guo}, Qi and {Hao}, Lei and {Hu}, Jian and
         {Li}, Cheng and {Li}, Ran and {Masters}, K.~L. and {Malanushenko}, E. and
         {Pan}, Kaike and {Riffel}, R.~A. and {Roman-Lopes}, A. and
         {Simmons}, A. and {Thomas}, D. and {Wang}, Lan and {Westfall}, K. and
         {Yan}, Renbin},
        title = "{SDSS-IV MaNGA: properties of galaxies with kinematically decoupled stellar and gaseous components}",
      journal = {\mnras},
     keywords = {Galaxy: abundances, galaxies: evolution, galaxies: formation, galaxies: stellar content, galaxies: structure, Astrophysics - Astrophysics of Galaxies},
         year = "2016",
        month = "Nov",
       volume = {463},
       number = {1},
        pages = {913-926},
          doi = {10.1093/mnras/stw2055},
archivePrefix = {arXiv},
       eprint = {1611.00528},
 primaryClass = {astro-ph.GA},
       adsurl = {https://ui.adsabs.harvard.edu/abs/2016MNRAS.463..913J},
      adsnote = {Provided by the SAO/NASA Astrophysics Data System}
}

@ARTICLE{davis2011,
   author = {{Davis}, T.~A. and {Alatalo}, K. and {Sarzi}, M. and {Bureau}, M. and 
	{Young}, L.~M. and {Blitz}, L. and {Serra}, P. and {Crocker}, A.~F. and 
	{Krajnovi{\'c}}, D. and {McDermid}, R.~M. and {Bois}, M. and 
	{Bournaud}, F. and {Cappellari}, M. and {Davies}, R.~L. and 
	{Duc}, P.-A. and {de Zeeuw}, P.~T. and {Emsellem}, E. and {Khochfar}, S. and 
	{Kuntschner}, H. and {Lablanche}, P.-Y. and {Morganti}, R. and 
	{Naab}, T. and {Oosterloo}, T. and {Scott}, N. and {Weijmans}, A.-M.
	},
    title = "{The ATLAS$^{3D}$ project - X. On the origin of the molecular and ionized gas in early-type galaxies}",
  journal = {\mnras},
archivePrefix = "arXiv",
   eprint = {1107.0002},
 primaryClass = "astro-ph.CO",
 keywords = {stars: mass-loss, ISM: evolution, ISM: molecules, galaxies: elliptical and lenticular, cD, galaxies: evolution, galaxies: ISM},
     year = 2011,
    month = oct,
   volume = 417,
    pages = {882-899},
      doi = {10.1111/j.1365-2966.2011.19355.x},
   adsurl = {http://adsabs.harvard.edu/abs/2011MNRAS.417..882D},
  adsnote = {Provided by the SAO/NASA Astrophysics Data System}
}

@article{davis2016,
author = {Davis, Timothy A. and Bureau, Martin},
title = {On the depletion and accretion time-scales of cold gas in local early-type galaxies},
journal = {\mnras},
volume = {457},
number = {1},
pages = {272-280},
year = {2016},
doi = {10.1093/mnras/stv2998},
URL = { + http://dx.doi.org/10.1093/mnras/stv2998},
eprint = {/oup/backfile/content_public/journal/mnras/457/1/10.1093_mnras_stv2998/2/stv2998.pdf}
}

@ARTICLE{vdvoort2015,
       author = {{van de Voort}, Freeke and {Davis}, Timothy A. and
         {Kere{\v{s}}}, Du{\v{s}}an and {Quataert}, Eliot and
         {Faucher-Gigu{\`e}re}, Claude-Andr{\'e} and {Hopkins}, Philip F.},
        title = "{The creation and persistence of a misaligned gas disc in a simulated early-type galaxy}",
      journal = {\mnras},
     keywords = {methods: numerical, galaxies: elliptical and lenticular, cD, galaxies: evolution, galaxies: formation, galaxies: kinematics and dynamics, Astrophysics - Astrophysics of Galaxies, Astrophysics - Cosmology and Nongalactic Astrophysics},
         year = "2015",
        month = "Aug",
       volume = {451},
       number = {3},
        pages = {3269-3277},
          doi = {10.1093/mnras/stv1217},
archivePrefix = {arXiv},
       eprint = {1504.03685},
 primaryClass = {astro-ph.GA},
       adsurl = {https://ui.adsabs.harvard.edu/abs/2015MNRAS.451.3269V},
      adsnote = {Provided by the SAO/NASA Astrophysics Data System}
}

@ARTICLE{lagos2015,
       author = {{Lagos}, Claudia del P. and {Padilla}, Nelson D. and
         {Davis}, Timothy A. and {Lacey}, Cedric G. and {Baugh}, Carlton M. and
         {Gonzalez-Perez}, Violeta and {Zwaan}, Martin A. and
         {Contreras}, Sergio},
        title = "{The origin of the atomic and molecular gas contents of early-type galaxies - II. Misaligned gas accretion}",
      journal = {\mnras},
     keywords = {galaxies: elliptical and lenticular, cD, galaxies: evolution, galaxies: formation, galaxies: ISM, galaxies: kinematics and dynamics, Astrophysics - Astrophysics of Galaxies},
         year = "2015",
        month = "Apr",
       volume = {448},
       number = {2},
        pages = {1271-1287},
          doi = {10.1093/mnras/stu2763},
archivePrefix = {arXiv},
       eprint = {1410.5437},
 primaryClass = {astro-ph.GA},
       adsurl = {https://ui.adsabs.harvard.edu/abs/2015MNRAS.448.1271L},
      adsnote = {Provided by the SAO/NASA Astrophysics Data System}
}

@ARTICLE{barrera2015,
       author = {{Barrera-Ballesteros}, J.~K. and {Garc{\'\i}a-Lorenzo}, B. and
         {Falc{\'o}n-Barroso}, J. and {van de Ven}, G. and {Lyubenova}, M. and
         {Wild}, V. and {M{\'e}ndez-Abreu}, J. and {S{\'a}nchez}, S.~F. and
         {Marquez}, I. and {Masegosa}, J. and {Monreal-Ibero}, A. and
         {Ziegler}, B. and {del Olmo}, A. and {Verdes-Montenegro}, L. and
         {Garc{\'\i}a-Benito}, R. and {Husemann}, B. and {Mast}, D. and
         {Kehrig}, C. and {Iglesias-Paramo}, J. and {Marino}, R.~A. and
         {Aguerri}, J.~A.~L. and {Walcher}, C.~J. and {V{\'\i}lchez}, J.~M. and
         {Bomans}, D.~J. and {Cortijo-Ferrero}, C. and
         {Gonz{\'a}lez Delgado}, R.~M. and {Bland-Hawthorn}, J. and
         {McIntosh}, D.~H. and {Bekerait{\.{e}}}, S.},
        title = "{Tracing kinematic (mis)alignments in CALIFA merging galaxies. Stellar and ionized gas kinematic orientations at every merger stage}",
      journal = {\aap},
     keywords = {galaxies: evolution, galaxies: interactions, galaxies: kinematics and dynamics, galaxies: statistics, Astrophysics - Astrophysics of Galaxies},
         year = "2015",
        month = "Oct",
       volume = {582},
          eid = {A21},
        pages = {A21},
          doi = {10.1051/0004-6361/201424935},
archivePrefix = {arXiv},
       eprint = {1506.03819},
 primaryClass = {astro-ph.GA},
       adsurl = {https://ui.adsabs.harvard.edu/abs/2015A&A...582A..21B},
      adsnote = {Provided by the SAO/NASA Astrophysics Data System}
}

@ARTICLE{bryant2019,
       author = {{Bryant}, J.~J. and {Croom}, S.~M. and {van de Sande}, J. and
         {Scott}, N. and {Fogarty}, L.~M.~R. and {Bland-Hawthorn}, J. and
         {Bloom}, J.~V. and {Taylor}, E.~N. and {Brough}, S. and {Robotham}, A. and
         {Cortese}, L. and {Couch}, W. and {Owers}, M.~S. and {Medling}, A.~M. and
         {Federrath}, C. and {Bekki}, K. and {Richards}, S.~N. and
         {Lawrence}, J.~S. and {Konstantopoulos}, I.~S.},
        title = "{The SAMI Galaxy Survey: stellar and gas misalignments and the origin of gas in nearby galaxies}",
      journal = {\mnras},
     keywords = {techniques: imaging spectroscopy, surveys, galaxies: evolution, galaxies: kinematics and dynamics, Astrophysics - Astrophysics of Galaxies},
         year = "2019",
        month = "Feb",
       volume = {483},
       number = {1},
        pages = {458-479},
          doi = {10.1093/mnras/sty3122},
archivePrefix = {arXiv},
       eprint = {1811.09298},
 primaryClass = {astro-ph.GA},
       adsurl = {https://ui.adsabs.harvard.edu/abs/2019MNRAS.483..458B},
      adsnote = {Provided by the SAO/NASA Astrophysics Data System}
}

@ARTICLE{pillepich18b,
       author = {{Pillepich}, Annalisa and {Nelson}, Dylan and {Hernquist}, Lars and
        {Springel}, Volker and {Pakmor}, R{\"u}diger and {Torrey}, Paul
        and {Weinberger}, Rainer and {Genel}, Shy and {Naiman}, Jill P.
        and {Marinacci}, Federico and {Vogelsberger}, Mark},
        title = "{First results from the IllustrisTNG simulations: the stellar mass content of groups and clusters of galaxies}",
      journal = {\mnras},
     keywords = {methods: numerical, galaxies: clusters: general, galaxies: general, galaxies: groups: general, cosmology: theory, Astrophysics - Astrophysics of Galaxies, Astrophysics - Cosmology and Nongalactic Astrophysics},
         year = 2018,
        month = Mar,
       volume = {475},
        pages = {648-675},
          doi = {10.1093/mnras/stx3112},
archivePrefix = {arXiv},
       eprint = {1707.03406},
 primaryClass = {astro-ph.GA},
       adsurl = {https://ui.adsabs.harvard.edu/\#abs/2018MNRAS.475..648P},
      adsnote = {Provided by the SAO/NASA Astrophysics Data System}
}

@ARTICLE{springel18,
       author = {{Springel}, Volker and {Pakmor}, R{\"u}diger and {Pillepich}, Annalisa
        and {Weinberger}, Rainer and {Nelson}, Dylan and {Hernquist},
        Lars and {Vogelsberger}, Mark and {Genel}, Shy and {Torrey},
        Paul and {Marinacci}, Federico and {Naiman}, Jill},
        title = "{First results from the IllustrisTNG simulations: matter and galaxy clustering}",
      journal = {\mnras},
     keywords = {methods: numerical, galaxy formation, large-scale structure of Universe, Astrophysics - Astrophysics of Galaxies, Astrophysics - Cosmology and Nongalactic Astrophysics},
         year = 2018,
        month = Mar,
       volume = {475},
        pages = {676-698},
          doi = {10.1093/mnras/stx3304},
archivePrefix = {arXiv},
       eprint = {1707.03397},
 primaryClass = {astro-ph.GA},
       adsurl = {https://ui.adsabs.harvard.edu/\#abs/2018MNRAS.475..676S},
      adsnote = {Provided by the SAO/NASA Astrophysics Data System}
}

@ARTICLE{nelson18,
       author = {{Nelson}, Dylan and {Pillepich}, Annalisa and {Springel}, Volker and
        {Weinberger}, Rainer and {Hernquist}, Lars and {Pakmor},
        R{\"u}diger and {Genel}, Shy and {Torrey}, Paul and
        {Vogelsberger}, Mark and {Kauffmann}, Guinevere and {Marinacci},
        Federico and {Naiman}, Jill},
        title = "{First results from the IllustrisTNG simulations: the galaxy colour bimodality}",
      journal = {\mnras},
     keywords = {galaxies: evolution, galaxies: formation, Astrophysics - Astrophysics of Galaxies, Astrophysics - Cosmology and Nongalactic Astrophysics},
         year = 2018,
        month = Mar,
       volume = {475},
        pages = {624-647},
          doi = {10.1093/mnras/stx3040},
archivePrefix = {arXiv},
       eprint = {1707.03395},
 primaryClass = {astro-ph.GA},
       adsurl = {https://ui.adsabs.harvard.edu/\#abs/2018MNRAS.475..624N},
      adsnote = {Provided by the SAO/NASA Astrophysics Data System}
}

@ARTICLE{naiman18,
       author = {{Naiman}, Jill P. and {Pillepich}, Annalisa and {Springel}, Volker and
        {Ramirez-Ruiz}, Enrico and {Torrey}, Paul and {Vogelsberger},
        Mark and {Pakmor}, R{\"u}diger and {Nelson}, Dylan and
        {Marinacci}, Federico and {Hernquist}, Lars and {Weinberger},
        Rainer and {Genel}, Shy},
        title = "{First results from the IllustrisTNG simulations: a tale of two elements - chemical evolution of magnesium and europium}",
      journal = {\mnras},
     keywords = {methods: numerical, Galaxy: formation, cosmology: theory, Astrophysics - Astrophysics of Galaxies},
         year = 2018,
        month = Jun,
       volume = {477},
        pages = {1206-1224},
          doi = {10.1093/mnras/sty618},
archivePrefix = {arXiv},
       eprint = {1707.03401},
 primaryClass = {astro-ph.GA},
       adsurl = {https://ui.adsabs.harvard.edu/\#abs/2018MNRAS.477.1206N},
      adsnote = {Provided by the SAO/NASA Astrophysics Data System}
}

@ARTICLE{marinacci18,
       author = {{Marinacci}, Federico and {Vogelsberger}, Mark and {Pakmor}, R{\"u}diger
        and {Torrey}, Paul and {Springel}, Volker and {Hernquist}, Lars
        and {Nelson}, Dylan and {Weinberger}, Rainer and {Pillepich},
        Annalisa and {Naiman}, Jill and {Genel}, Shy},
        title = "{First results from the IllustrisTNG simulations: radio haloes and magnetic fields}",
      journal = {\mnras},
     keywords = {magnetic fields, MHD, methods: numerical, galaxies: clusters: general, cosmology: theory, radio continuum: general, Astrophysics - Cosmology and Nongalactic Astrophysics},
         year = 2018,
        month = Nov,
       volume = {480},
        pages = {5113-5139},
          doi = {10.1093/mnras/sty2206},
archivePrefix = {arXiv},
       eprint = {1707.03396},
 primaryClass = {astro-ph.CO},
       adsurl = {https://ui.adsabs.harvard.edu/\#abs/2018MNRAS.480.5113M},
      adsnote = {Provided by the SAO/NASA Astrophysics Data System}
}

@ARTICLE{springel10,
       author = {{Springel}, Volker},
        title = "{E pur si muove: Galilean-invariant cosmological hydrodynamical simulations on a moving mesh}",
      journal = {\mnras},
     keywords = {methods: numerical, galaxies: interactions, cosmology: dark matter, Astrophysics - Cosmology and Nongalactic Astrophysics},
         year = 2010,
        month = Jan,
       volume = {401},
        pages = {791-851},
          doi = {10.1111/j.1365-2966.2009.15715.x},
archivePrefix = {arXiv},
       eprint = {0901.4107},
 primaryClass = {astro-ph.CO},
       adsurl = {https://ui.adsabs.harvard.edu/\#abs/2010MNRAS.401..791S},
      adsnote = {Provided by the SAO/NASA Astrophysics Data System}
}

@ARTICLE{pakmor11,
       author = {{Pakmor}, Ruediger and {Bauer}, Andreas and {Springel}, Volker},
        title = "{Magnetohydrodynamics on an unstructured moving grid}",
      journal = {\mnras},
     keywords = {MHD, turbulence, methods: numerical, stars: formation, Astrophysics - Instrumentation and Methods for Astrophysics},
         year = 2011,
        month = Dec,
       volume = {418},
        pages = {1392-1401},
          doi = {10.1111/j.1365-2966.2011.19591.x},
archivePrefix = {arXiv},
       eprint = {1108.1792},
 primaryClass = {astro-ph.IM},
       adsurl = {https://ui.adsabs.harvard.edu/\#abs/2011MNRAS.418.1392P},
      adsnote = {Provided by the SAO/NASA Astrophysics Data System}
}

@ARTICLE{pakmor13,
   author = {{Pakmor}, R. and {Springel}, V.},
    title = "{Simulations of magnetic fields in isolated disc galaxies}",
  journal = {\mnras},
archivePrefix = "arXiv",
   eprint = {1212.1452},
 primaryClass = "astro-ph.CO",
 keywords = {MHD, methods: numerical, galaxies: formation},
     year = 2013,
    month = jun,
   volume = 432,
    pages = {176-193},
      doi = {10.1093/mnras/stt428},
   adsurl = {http://adsabs.harvard.edu/abs/2013MNRAS.432..176P},
  adsnote = {Provided by the SAO/NASA Astrophysics Data System}
}

@ARTICLE{weinberger17,
   author = {{Weinberger}, R. and {Springel}, V. and {Hernquist}, L. and 
	{Pillepich}, A. and {Marinacci}, F. and {Pakmor}, R. and {Nelson}, D. and 
	{Genel}, S. and {Vogelsberger}, M. and {Naiman}, J. and {Torrey}, P.
	},
    title = "{Simulating galaxy formation with black hole driven thermal and kinetic feedback}",
  journal = {\mnras},
archivePrefix = "arXiv",
   eprint = {1607.03486},
 keywords = {black hole physics, methods: numerical, galaxies: clusters: general, galaxies: evolution, galaxies: formation, cosmology: theory},
     year = 2017,
    month = mar,
   volume = 465,
    pages = {3291-3308},
      doi = {10.1093/mnras/stw2944},
   adsurl = {http://adsabs.harvard.edu/abs/2017MNRAS.465.3291W},
  adsnote = {Provided by the SAO/NASA Astrophysics Data System}
}

@ARTICLE{pillepich18a,
   author = {{Pillepich}, A. and {Springel}, V. and {Nelson}, D. and {Genel}, S. and 
	{Naiman}, J. and {Pakmor}, R. and {Hernquist}, L. and {Torrey}, P. and 
	{Vogelsberger}, M. and {Weinberger}, R. and {Marinacci}, F.},
    title = "{Simulating galaxy formation with the IllustrisTNG model}",
  journal = {\mnras},
archivePrefix = "arXiv",
   eprint = {1703.02970},
 keywords = {methods: numerical, galaxies: evolution, galaxies: formation},
     year = 2018,
    month = jan,
   volume = 473,
    pages = {4077-4106},
      doi = {10.1093/mnras/stx2656},
   adsurl = {http://adsabs.harvard.edu/abs/2018MNRAS.473.4077P},
  adsnote = {Provided by the SAO/NASA Astrophysics Data System}
}

@ARTICLE{dubois2016,
       author = {{Dubois}, Yohan and {Peirani}, S{\'e}bastien and {Pichon}, Christophe and
         {Devriendt}, Julien and {Gavazzi}, Rapha{\"e}l and {Welker}, Charlotte and
         {Volonteri}, Marta},
        title = "{The HORIZON-AGN simulation: morphological diversity of galaxies promoted by AGN feedback}",
      journal = {\mnras},
     keywords = {methods: numerical, galaxies: active, galaxies: evolution, galaxies: formation, galaxies: kinematics and dynamics, Astrophysics - Astrophysics of Galaxies},
         year = "2016",
        month = "Dec",
       volume = {463},
       number = {4},
        pages = {3948-3964},
          doi = {10.1093/mnras/stw2265},
archivePrefix = {arXiv},
       eprint = {1606.03086},
 primaryClass = {astro-ph.GA},
       adsurl = {https://ui.adsabs.harvard.edu/abs/2016MNRAS.463.3948D},
      adsnote = {Provided by the SAO/NASA Astrophysics Data System}
}

@ARTICLE{bundy2015,
   author = {{Bundy}, K. and {Bershady}, M.~A. and {Law}, D.~R. and {Yan}, R. and 
	{Drory}, N. and {MacDonald}, N. and {Wake}, D.~A. and {Cherinka}, B. and 
	{S{\'a}nchez-Gallego}, J.~R. and {Weijmans}, A.-M. and {Thomas}, D. and 
	{Tremonti}, C. and {Masters}, K. and {Coccato}, L. and {Diamond-Stanic}, A.~M. and 
	{Arag{\'o}n-Salamanca}, A. and {Avila-Reese}, V. and {Badenes}, C. and 
	{Falc{\'o}n-Barroso}, J. and {Belfiore}, F. and {Bizyaev}, D. and 
	{Blanc}, G.~A. and {Bland-Hawthorn}, J. and {Blanton}, M.~R. and 
	{Brownstein}, J.~R. and {Byler}, N. and {Cappellari}, M. and 
	{Conroy}, C. and {Dutton}, A.~A. and {Emsellem}, E. and {Etherington}, J. and 
	{Frinchaboy}, P.~M. and {Fu}, H. and {Gunn}, J.~E. and {Harding}, P. and 
	{Johnston}, E.~J. and {Kauffmann}, G. and {Kinemuchi}, K. and 
	{Klaene}, M.~A. and {Knapen}, J.~H. and {Leauthaud}, A. and 
	{Li}, C. and {Lin}, L. and {Maiolino}, R. and {Malanushenko}, V. and 
	{Malanushenko}, E. and {Mao}, S. and {Maraston}, C. and {McDermid}, R.~M. and 
	{Merrifield}, M.~R. and {Nichol}, R.~C. and {Oravetz}, D. and 
	{Pan}, K. and {Parejko}, J.~K. and {Sanchez}, S.~F. and {Schlegel}, D. and 
	{Simmons}, A. and {Steele}, O. and {Steinmetz}, M. and {Thanjavur}, K. and 
	{Thompson}, B.~A. and {Tinker}, J.~L. and {van den Bosch}, R.~C.~E. and 
	{Westfall}, K.~B. and {Wilkinson}, D. and {Wright}, S. and {Xiao}, T. and 
	{Zhang}, K.},
    title = "{Overview of the SDSS-IV MaNGA Survey: Mapping nearby Galaxies at Apache Point Observatory}",
  journal = {\apj},
archivePrefix = "arXiv",
   eprint = {1412.1482},
 keywords = {galaxies: evolution, galaxies: general, surveys, techniques: imaging spectroscopy},
     year = 2015,
    month = jan,
   volume = 798,
      eid = {7},
    pages = {7},
      doi = {10.1088/0004-637X/798/1/7},
   adsurl = {http://adsabs.harvard.edu/abs/2015ApJ...798....7B},
  adsnote = {Provided by the SAO/NASA Astrophysics Data System}
}

@ARTICLE{blanton2017,
   author = {{Blanton}, M.~R. and {Bershady}, M.~A. and {Abolfathi}, B. and 
	{Albareti}, F.~D. and {Allende Prieto}, C. and {Almeida}, A. and 
	{Alonso-Garc{\'{\i}}a}, J. and {Anders}, F. and {Anderson}, S.~F. and 
	{Andrews}, B. and et al.},
    title = "{Sloan Digital Sky Survey IV: Mapping the Milky Way, Nearby Galaxies, and the Distant Universe}",
  journal = {\aj},
archivePrefix = "arXiv",
   eprint = {1703.00052},
 keywords = {cosmology: observations, galaxies: general, Galaxy: general, instrumentation: spectrographs, stars: general, surveys},
     year = 2017,
    month = jul,
   volume = 154,
      eid = {28},
    pages = {28},
      doi = {10.3847/1538-3881/aa7567},
   adsurl = {http://adsabs.harvard.edu/abs/2017AJ....154...28B},
  adsnote = {Provided by the SAO/NASA Astrophysics Data System}
}

@ARTICLE{krajnovic2006,
   author = {{Krajnovi{\'c}}, D. and {Cappellari}, M. and {de Zeeuw}, P.~T. and 
	{Copin}, Y.},
    title = "{Kinemetry: a generalization of photometry to the higher moments of the line-of-sight velocity distribution}",
  journal = {\mnras},
   eprint = {astro-ph/0512200},
 keywords = {methods: data analysis, techniques: photometric, techniques: spectroscopic, galaxies: kinematics and dynamics, galaxies: photometry},
     year = 2006,
    month = mar,
   volume = 366,
    pages = {787-802},
      doi = {10.1111/j.1365-2966.2005.09902.x},
   adsurl = {http://adsabs.harvard.edu/abs/2006MNRAS.366..787K},
  adsnote = {Provided by the SAO/NASA Astrophysics Data System}
}

@ARTICLE{pillepich2019,
       author = {{Pillepich}, Annalisa and {Nelson}, Dylan and {Springel}, Volker and
         {Pakmor}, Ruediger and {Torrey}, Paul and {Weinberger}, Rainer and
         {Vogelsberger}, Mark and {Marinacci}, Federico and {Genel}, Shy and
         {van der Wel}, Arjen and {Hernquist}, Lars},
        title = "{First Results from the TNG50 Simulation: The evolution of stellar and gaseous disks across cosmic time}",
      journal = {arXiv e-prints},
     keywords = {Astrophysics - Astrophysics of Galaxies, Astrophysics - Cosmology and Nongalactic Astrophysics},
         year = "2019",
        month = "Feb",
          eid = {arXiv:1902.05553},
        pages = {arXiv:1902.05553},
archivePrefix = {arXiv},
       eprint = {1902.05553},
 primaryClass = {astro-ph.GA},
       adsurl = {https://ui.adsabs.harvard.edu/abs/2019arXiv190205553P},
      adsnote = {Provided by the SAO/NASA Astrophysics Data System}
}